<record><leader>00000cas a22000007a 4500</leader><controlfield tag="001">42801975</controlfield><controlfield tag="008">991110d1999200umau x n       0   a0eng c</controlfield><controlfield tag="009">467</controlfield><datafield ind1=" " ind2=" " tag="010"><subfield code="a">sn 99009839 </subfield></datafield><datafield ind1=" " ind2=" " tag="040"><subfield code="a">NSD</subfield><subfield code="b">eng</subfield><subfield code="c">NSD</subfield><subfield code="d">OCLCQ</subfield></datafield><datafield ind1=" " ind2=" " tag="012"><subfield code="j">0</subfield><subfield code="m">d</subfield></datafield><datafield ind1="1" ind2=" " tag="022"><subfield code="a">1527-4586</subfield><subfield code="l">1527-4586</subfield><subfield code="2">1</subfield></datafield><datafield ind1="1" ind2=" " tag="029"><subfield code="a">AU@</subfield><subfield code="b">000021235029</subfield></datafield><datafield ind1=" " ind2=" " tag="037"><subfield code="b">Community Newspaper Co., 254 Second Avenue, Needham, MA 02494</subfield></datafield><datafield ind1=" " ind2=" " tag="042"><subfield code="a">nsdp</subfield><subfield code="a">pcc</subfield></datafield><datafield ind1=" " ind2="4" tag="222"><subfield code="a">The Neponset Valley daily news</subfield></datafield><datafield ind1="0" ind2="4" tag="245"><subfield code="a">The Neponset Valley daily news.</subfield></datafield><datafield ind1=" " ind2=" " tag="260"><subfield code="a">Needham, Mass. :</subfield><subfield code="b">Community Newspaper Co.,</subfield></datafield><datafield ind1=" " ind2=" " tag="300"><subfield code="a">v.</subfield></datafield><datafield ind1=" " ind2=" " tag="310"><subfield code="a">260 issues a year</subfield></datafield><datafield ind1=" " ind2=" " tag="752"><subfield code="a">United States</subfield><subfield code="b">Massachusetts</subfield><subfield code="c">Norfolk</subfield><subfield code="d">Needham.</subfield></datafield><datafield ind1="0" ind2="0" tag="785"><subfield code="t">Daily news transcript</subfield><subfield code="x">1542-2070</subfield><subfield code="w">(DLC)     2002212799</subfield></datafield></record>